@article{tries,
  author    = {Roberto Grossi and
               Giuseppe Ottaviano},
  title     = {{Fast Compressed Tries through Path Decompositions}},
  journal   = {CoRR},
  volume    = {abs/1111.5220},
  year      = {2011},
  url       = {http://arxiv.org/abs/1111.5220},
  timestamp = {Mon, 05 Dec 2011 18:05:34 +0100},
  biburl    = {http://dblp.uni-trier.de/rec/bib/journals/corr/abs-1111-5220},
  bibsource = {dblp computer science bibliography, http://dblp.org}
}
